
@inproceedings{tinyos-retrospective,
 author = {Levis, Philip},
 title = {Experiences from a Decade of {TinyOS} Development},
 booktitle-skip = {Proceedings of the 10th USENIX Conference on Operating Systems Design and Implementation},
 series = {OSDI'12},
 year-skip = {2012},
 isbn = {978-1-931971-96-6},
 location = {Hollywood, CA, USA},
 pages-skip = {207--220},
 numpages = {14},
 url = {http://dl.acm.org/citation.cfm?id=2387880.2387901},
 acmid = {2387901},
 publisher-skip = {USENIX Association},
 address-skip = {Berkeley, CA, USA},
}

@inproceedings{brown-bubbles,
 author = {Bragdon, Andrew and Reiss, Steven P. and Zeleznik, Robert and Karumuri, Suman and Cheung, William and Kaplan, Joshua and Coleman, Christopher and Adeputra, Ferdi and LaViola,Jr., Joseph J.},
 title = {{Code Bubbles}: Rethinking the User Interface Paradigm of Integrated Development Environments},
 booktitle = {Proceedings of the 32nd ACM/IEEE International Conference on Software Engineering - Volume 1},
 series-skip = {ICSE '10},
 year = {2010},
 isbn = {978-1-60558-719-6},
 location = {Cape Town, South Africa},
 pages-skip = {455--464},
 numpages = {10},
 url = {http://doi.acm.org/10.1145/1806799.1806866},
 doi = {10.1145/1806799.1806866},
 acmid = {1806866},
 publisher-skip = {ACM},
 address-skip = {New York, NY, USA},
}

@INPROCEEDINGS{kuo14mbus,
	author={Kuo, Ye-Sheng and Pannuto, Pat and Kim, Gyouho and Foo, Zhi~{Y}oong and Lee, Inhee and Kempke, Ben and Dutta, Prabal and Blaauw, David and Lee, Yoonmyung},
	booktitle={IEEE Custom Integrated Circuits Conference},
	series-skip = {CICC '14},
	title={{MBus}: A 17.5~{pJ}/bit Portable Interconnect Bus for Millimeter-Scale Sensor Systems with 8~{nW} Standby Power},
	year={2014},
	month={September},
	location={San Jose, CA, USA},
	conference-url={http://www.iee-cicc.org},
	note = {To Appear},
}

@inproceedings{debruin13monjolo,
 author = {DeBruin, Samuel and Campbell, Bradford and Dutta, Prabal},
 title = {Monjolo: An Energy-harvesting Energy Meter Architecture},
 booktitle-skip = {Proceedings of the 11th ACM Conference on Embedded Networked Sensor Systems},
 series = {SenSys '13},
 year = {2013},
 mon = {Nov},
 isbn = {978-1-4503-2027-6},
 location = {Roma, Italy},
 pages-skip = {18:1--18:14},
 articleno = {18},
 numpages = {14},
 url = {http://doi.acm.org/10.1145/2517351.2517363},
 doi = {10.1145/2517351.2517363},
 acmid = {2517363},
 publisher-skip = {ACM},
 address-skip = {New York, NY, USA},
 conference-url = {\url{http://sensys.acm.org/2013/}},
}

@inproceedings{doubledip,
 author = {Martin, Paul and Charbiwala, Zainul and Srivastava, Mani},
 title = {{DoubleDip}: Leveraging Thermoelectric Harvesting for Low Power Monitoring of Sporadic Water Use},
 booktitle-skip = {Proceedings of the 10th ACM Conference on Embedded Network Sensor Systems},
 series = {SenSys '12},
 year-skip = {2012},
 isbn = {978-1-4503-1169-4},
 location = {Toronto, Ontario, Canada},
 pages-skip = {225--238},
 numpages = {14},
 url = {http://doi.acm.org/10.1145/2426656.2426679},
 doi = {10.1145/2426656.2426679},
 acmid = {2426679},
 publisher-skip = {ACM},
 address-skip = {New York, NY, USA},
 keywords = {energy harvesting, low power, sustainability, thermoelectric, water monitoring},
}

@Article{ble-overview,
	AUTHOR = {Gomez, Carles and Oller, Joaquim and Paradells, Josep},
	TITLE = {Overview and Evaluation of {Bluetooth Low Energy}: An Emerging Low-Power Wireless Technology},
	JOURNAL = {Sensors},
	VOLUME = {12},
	YEAR = {2012},
	NUMBER = {9},
	PAGES-skip = {11734--11753},
	URL = {http://www.mdpi.com/1424-8220/12/9/11734},
	PubMedID = {23112680},
	ISSN = {1424-8220},
	DOI = {10.3390/s120911734}
}

@misc{arduino,
	author = {},
	title = {Arduino},
	howpublished = {\url{http://www.arduino.cc/}},
	month = {July},
	year = {2014},
}
